@article{parker2017don,
  title={Why don't households smooth consumption? Evidence from a {\$25} million experiment},
  author={Parker, Jonathan A},
  journal={American Economic Journal: Macroeconomics},
  volume={9},
  number={4},
  pages={153--183},
  year={2017},
  publisher={American Economic Association 2014 Broadway, Suite 305, Nashville, TN 37203-2425}
}

@article{coenen2012effects,
  title={Effects of fiscal stimulus in structural models},
  author={Coenen, G{\"u}nter and Erceg, Christopher J and Freedman, Charles and Furceri, Davide and Kumhof, Michael and Lalonde, Ren{\'e} and Laxton, Douglas and Lind{\'e}, Jesper and Mourougane, Annabelle and Muir, Dirk and others},
  journal={American Economic Journal: Macroeconomics},
  volume={4},
  number={1},
  pages={22--68},
  year={2012},
  publisher={American Economic Association}
}

@article{bayercoronavirus,
  title={The Coronavirus Stimulus Package: How Large is the Transfer Multiplier?},
  author={Bayer, Christian and Born, Benjamin and Luetticke, Ralph and M{\"u}ller, Gernot J},
  journal={The Economic Journal},
  year={2023}, 
  doi={https://doi.org/10.1093/ej/uead003}
}

@article{mckay2016role,
  title={The role of automatic stabilizers in the US business cycle},
  author={McKay, Alisdair and Reis, Ricardo},
  journal={Econometrica},
  volume={84},
  number={1},
  pages={141--194},
  year={2016},
  publisher={Wiley Online Library}
}

@article{mckay2021optimal,
  title={Optimal automatic stabilizers},
  author={McKay, Alisdair and Reis, Ricardo},
  journal={The Review of Economic Studies},
  volume={88},
  number={5},
  pages={2375--2406},
  year={2021},
  publisher={Oxford University Press}
}

@techreport{hagedorn2019unemployment,
  title={Unemployment Benefits and Unemployment in the Great Recession: The Role of Macro Effects},
  author={Hagedorn, Marcus and Karahan, Fatih and Manovskii, Iourii and Mitman, Kurt},
  year={2019},
  note={Working paper}
}

@techreport{hagedorn2017impact,
  title={The Impact of Unemployment Benefit Extensions on Employment: The 2014 Employment Miracle?},
  author={Hagedorn, Marcus and Manovskii, Iourii and Mitman, Kurt},
  year={2017},
  note={Working paper}
}

@techreport{chodorow2016limited,
  title={The limited macroeconomic effects of unemployment benefit extensions},
  author={Chodorow-Reich, Gabriel and Karabarbounis, Loukas},
  year={2016},
  institution={National Bureau of Economic Research}
}

@article{kekre2022unemployment,
    author = {Kekre, Rohan},
    title = {Unemployment Insurance in Macroeconomic Stabilization},
    journal = {The Review of Economic Studies},
    year = {2022},
    month = {12},
    doi = {10.1093/restud/rdac080},
    url = {https://doi.org/10.1093/restud/rdac080},
    note = {rdac080},
    eprint = {https://academic.oup.com/restud/advance-article-pdf/doi/10.1093/restud/rdac080/49998599/rdac080.pdf},
}

@article{crawleyMicroMacro,
	Author = {Crawley, Edmund and Kuchler, Andreas},
	Title = {Consumption Heterogeneity: Micro Drivers and Macro Implications},
	Journal = {American Economic Journal: Macroeconomics},
	Volume = {15},
	Number = {1},
	Year = {2023},
	Month = {January},
	Pages = {314-41},
	DOI = {10.1257/mac.20200352},
	URL = {https://www.aeaweb.org/articles?id=10.1257/mac.20200352}
}
