
@techreport{crawley2024parsimonious,
	title={A Parsimonious Model of Idiosyncratic Income},
	author={Crawley, Edmund and Holm, Martin B. and Tretvoll, H{\aa}kon},
	year={2024},
	month = {September},
	type = {Working paper}
}

@article{boppart2018exploiting,
	title={Exploiting MIT shocks in heterogeneous-agent economies: the impulse response as a numerical derivative},
	author={Boppart, Timo and Krusell, Per and Mitman, Kurt},
	journal={Journal of Economic Dynamics and Control},
	volume={89},
	pages={68--92},
	year={2018},
	publisher={Elsevier}
}