@PREAMBLE{ "\providecommand{\noopsort}[1]{} "
	 # "\providecommand{\singleletter}[1]{#1} " }

@Article{	  ravn2017,
  title		= {Job uncertainty and deep recessions},
  journal	= {Journal of Monetary Economics},
  volume	= {90},
  pages		= {125-141},
  year		= {2017},
  issn		= {0304-3932},
  doi		= {https://doi.org/10.1016/j.jmoneco.2017.07.003},
  url		= {https://www.sciencedirect.com/science/article/pii/S0304393217300806},
  author	= {Morten O. Ravn and Vincent Sterk},
  keywords	= {Job uncertainty, Unemployment, Endogenous countercyclical
		  income risk, Amplification}
}

@Article{	  mincer1991education,
  title		= {Education and Unemployment},
  author	= {Mincer, Jacob},
  journal	= {NBER Working Paper},
  number	= {w3838},
  year		= {1991}
}

@Article{	  elsby2010labor,
  title		= {The Labor Market in the Great Recession},
  author	= {Elsby, Michael W L and Hobijn, Bart},
  journal	= {Brookings Papers on Economic Activity},
  year		= {2010},
  publisher	= {Citeseer}
}

@TechReport{	  benigno2023baaack,
  title		= "It’s Baaack: The Surge in Inflation in the 2020s and the
		  Return of the Non-Linear Phillips Curve",
  author	= "Benigno, Pierpaolo and Eggertsson, Gauti B",
  institution	= "National Bureau of Economic Research",
  type		= "Working Paper",
  series	= "Working Paper Series",
  number	= "31197",
  year		= "2023",
  month		= "April",
  doi		= {10.3386/w31197},
  url		= "http://www.nber.org/papers/w31197"
}

@TechReport{	  blanco2024nonlinear,
  title		= "Non-Linear Inflation Dynamics in Menu Cost Economies",
  author	= "Blanco, Andres and Boar, Corina and Jones, Callum J and
		  Midrigan, Virgiliu",
  institution	= "National Bureau of Economic Research",
  type		= "Working Paper",
  series	= "Working Paper Series",
  number	= "32094",
  year		= "2024",
  month		= "January",
  doi		= {10.3386/w32094},
  url		= "http://www.nber.org/papers/w32094"
}

@Article{	  graham2024mental,
  title		= {Mental Accounts and Consumption Sensitivity Across the
		  Distribution of Liquid Assets},
  author	= {Graham, James and McDowall, Robert},
  journal	= {Available at SSRN 4793885},
  year		= {2024}
}

@Article{	  kueng2018excess,
  author	= {Kueng, Lorenz},
  title		= {Excess Sensitivity of High-Income Consumers*},
  journal	= {The Quarterly Journal of Economics},
  volume	= {133},
  number	= {4},
  pages		= {1693-1751},
  year		= {2018},
  month		= {06},
  issn		= {0033-5533},
  doi		= {10.1093/qje/qjy014},
  url		= {https://doi.org/10.1093/qje/qjy014},
  eprint	= {https://academic.oup.com/qje/article-pdf/133/4/1693/25985655/qjy014.pdf}
}

@Article{	  mitman2015optimal,
  title		= {Optimal unemployment insurance in an equilibrium
		  business-cycle model},
  author	= {Mitman, Kurt and Rabinovich, Stanislav},
  journal	= {Journal of Monetary Economics},
  volume	= {71},
  pages		= {99--118},
  year		= {2015},
  publisher	= {Elsevier}
}

@TechReport{	  lmmsimple,
  title		= {A simple mapping from mpcs to mpxs},
  author	= {Laibson, David and Maxted, Peter and Moll, Benjamin},
  year		= {2022},
  institution	= {National Bureau of Economic Research}
}

@Article{	  lmmpresentbias,
  title		= {Present Bias Amplifies the Household Balance-Sheet
		  Channels of Macroeconomic Policy},
  author	= {Maxted, Peter and Laibson, David and Moll, Benjamin},
  journal	= {The Quarterly Journal of Economics},
  pages		= {qjae026},
  year		= {2024},
  publisher	= {Oxford University Press}
}

@Article{	  ikmswhatexplains,
  title		= {What Explains the Consumption Decisions of Low-Income
		  Households?},
  author	= {Indarte, Sasha and Kluender, Raymond and Malmendier,
		  Ulrike and Stepner, Michael},
  year		= {2024}
}

@Article{	  flexpenseshocks,
  author	= {Scott Fulford and David Low},
  title		= {Expense Shocks Matter},
  journal	= {Working Paper},
  year		= {2024},
  volume	= {},
  pages		= {}
}

@Article{	  akerlof1985near,
  title		= {A near-rational model of the business cycle, with wage and
		  price inertia},
  author	= {Akerlof, George A and Yellen, Janet L},
  journal	= {The Quarterly Journal of Economics},
  volume	= {100},
  number	= {Supplement},
  pages		= {823--838},
  year		= {1985},
  publisher	= {MIT Press}
}

@TechReport{	  hagedorn2019unemployment,
  title		= {Unemployment Benefits and Unemployment in the Great
		  Recession: The Role of Macro Effects},
  author	= {Hagedorn, Marcus and Karahan, Fatih and Manovskii, Iourii
		  and Mitman, Kurt},
  year		= {2019},
  note		= {Working paper}
}

@Article{	  kekre2022unemp,
  author	= {Kekre, Rohan},
  title		= {Unemployment Insurance in Macroeconomic Stabilization},
  journal	= {The Review of Economic Studies},
  year		= {2022},
  month		= {12},
  doi		= {10.1093/restud/rdac080},
  url		= {https://doi.org/10.1093/restud/rdac080},
  eprint	= {https://academic.oup.com/restud/advance-article-pdf/doi/10.1093/restud/rdac080/49998599/rdac080.pdf}
}

@Article{	  crawley2023micromacro,
  author	= {Crawley, Edmund and Kuchler, Andreas},
  title		= {Consumption Heterogeneity: Micro Drivers and Macro
		  Implications},
  journal	= {American Economic Journal: Macroeconomics},
  volume	= {15},
  number	= {1},
  year		= {2023},
  month		= {January},
  pages		= {314-41},
  doi		= {10.1257/mac.20200352},
  url		= {https://www.aeaweb.org/articles?id=10.1257/mac.20200352}
}

@TechReport{	  hagedorn2019unemployment,
  title		= {Unemployment Benefits and Unemployment in the Great
		  Recession: The Role of Macro Effects},
  author	= {Hagedorn, Marcus and Karahan, Fatih and Manovskii, Iourii
		  and Mitman, Kurt},
  year		= {2019},
  note		= {Working paper}
}

@Article{	  kekre2022unemp,
  author	= {Kekre, Rohan},
  title		= {Unemployment Insurance in Macroeconomic Stabilization},
  journal	= {The Review of Economic Studies},
  year		= {2022},
  month		= {12},
  doi		= {10.1093/restud/rdac080},
  url		= {https://doi.org/10.1093/restud/rdac080},
  eprint	= {https://academic.oup.com/restud/advance-article-pdf/doi/10.1093/restud/rdac080/49998599/rdac080.pdf}
}

@Article{	  crawley2023micromacro,
  author	= {Crawley, Edmund and Kuchler, Andreas},
  title		= {Consumption Heterogeneity: Micro Drivers and Macro
		  Implications},
  journal	= {American Economic Journal: Macroeconomics},
  volume	= {15},
  number	= {1},
  year		= {2023},
  month		= {January},
  pages		= {314-41},
  doi		= {10.1257/mac.20200352},
  url		= {https://www.aeaweb.org/articles?id=10.1257/mac.20200352}
}

@TechReport{	  hagedorn2019unemployment,
  title		= {Unemployment Benefits and Unemployment in the Great
		  Recession: The Role of Macro Effects},
  author	= {Hagedorn, Marcus and Karahan, Fatih and Manovskii, Iourii
		  and Mitman, Kurt},
  year		= {2019},
  note		= {Working paper}
}

@Article{	  fagereng_mpc_2021,
  title		= {{MPC} {Heterogeneity} and {Household} {Balance} {Sheets}},
  volume	= {13},
  issn		= {1945-7707},
  url		= {https://www.aeaweb.org/articles?id=10.1257/mac.20190211},
  doi		= {10.1257/mac.20190211},
  abstract	= {We use sizable lottery prizes in Norwegian administrative
		  panel data to explore how transitory income shocks are
		  spent and saved over time and how households' marginal
		  propensities to consume (MPCs) vary with household
		  characteristics and shock size. We find that spending peaks
		  in the year of winning and gradually reverts to normal
		  within five years. Controlling for all items on households'
		  balance sheets and characteristics such as education and
		  income, it is the amount won, age, and liquid assets that
		  vary systematically with MPCs. Low-liquidity winners of the
		  smallest prizes (around US\$1,500) are estimated to spend
		  all within the year of winning. The corresponding estimate
		  for high-liquidity winners of large prizes
		  (US\$8,300–150,000) is slightly below one-half. While
		  conventional models will struggle to account for such high
		  MPC levels, we show that a two-asset life cycle model with
		  a realistic earnings profile and a luxury bequest motive
		  can account for both the time profile of consumption
		  responses and their systematic covariation with
		  observables.},
  language	= {en},
  number	= {4},
  urldate	= {2022-02-11},
  journal	= {American Economic Journal: Macroeconomics},
  author	= {Fagereng, Andreas and Holm, Martin B. and Natvik, Gisle
		  J.},
  month		= oct,
  year		= {2021},
  keywords	= {Consumer Economics: Empirical Analysis, Intertemporal
		  Household Choice, includes inheritance and gift taxes, Life
		  Cycle Models and Saving, Macroeconomics: Consumption,
		  Saving, Wealth, Household Finance: Household Saving,
		  Borrowing, Debt, and Wealth, Personal Income and Other
		  Nonbusiness Taxes and Subsidies},
  pages		= {1--54},
  file		= {Snapshot:C\:\\Users\\ifr\\Zotero\\storage\\JSR3NCW9\\articles.html:text/html}
}

@Article{	  rothstein2017scraping,
  title		= {Scraping by: Income and program participation after the
		  loss of extended unemployment benefits},
  author	= {Rothstein, Jesse and Valletta, Robert G},
  journal	= {Journal of Policy Analysis and Management},
  volume	= {36},
  number	= {4},
  pages		= {880--908},
  year		= {2017},
  publisher	= {Wiley Online Library}
}

@Article{	  ganongconsumer2019,
  author	= {Ganong, Peter and Noel, Pascal},
  title		= {Consumer Spending during Unemployment: Positive and
		  Normative Implications},
  journal	= {American Economic Review},
  volume	= {109},
  number	= {7},
  year		= {2019},
  month		= {July},
  pages		= {2383-2424},
  doi		= {10.1257/aer.20170537},
  url		= {https://www.aeaweb.org/articles?id=10.1257/aer.20170537}
}

@Article{	  fagereng_mpc_2021,
  title		= {{MPC} {Heterogeneity} and {Household} {Balance} {Sheets}},
  volume	= {13},
  issn		= {1945-7707},
  url		= {https://www.aeaweb.org/articles?id=10.1257/mac.20190211},
  doi		= {10.1257/mac.20190211},
  abstract	= {We use sizable lottery prizes in Norwegian administrative
		  panel data to explore how transitory income shocks are
		  spent and saved over time and how households' marginal
		  propensities to consume (MPCs) vary with household
		  characteristics and shock size. We find that spending peaks
		  in the year of winning and gradually reverts to normal
		  within five years. Controlling for all items on households'
		  balance sheets and characteristics such as education and
		  income, it is the amount won, age, and liquid assets that
		  vary systematically with MPCs. Low-liquidity winners of the
		  smallest prizes (around US\$1,500) are estimated to spend
		  all within the year of winning. The corresponding estimate
		  for high-liquidity winners of large prizes
		  (US\$8,300–150,000) is slightly below one-half. While
		  conventional models will struggle to account for such high
		  MPC levels, we show that a two-asset life cycle model with
		  a realistic earnings profile and a luxury bequest motive
		  can account for both the time profile of consumption
		  responses and their systematic covariation with
		  observables.},
  language	= {en},
  number	= {4},
  urldate	= {2022-02-11},
  journal	= {American Economic Journal: Macroeconomics},
  author	= {Fagereng, Andreas and Holm, Martin B. and Natvik, Gisle
		  J.},
  month		= oct,
  year		= {2021},
  keywords	= {Consumer Economics: Empirical Analysis, Intertemporal
		  Household Choice, includes inheritance and gift taxes, Life
		  Cycle Models and Saving, Macroeconomics: Consumption,
		  Saving, Wealth, Household Finance: Household Saving,
		  Borrowing, Debt, and Wealth, Personal Income and Other
		  Nonbusiness Taxes and Subsidies},
  pages		= {1--54},
  file		= {Snapshot:C\:\\Users\\ifr\\Zotero\\storage\\JSR3NCW9\\articles.html:text/html}
}

@TechReport{	  hkpmemorable,
  author	= {Hai, Rong and Krueger, Dirk and Postlewaite, Andrew},
  institution	= {National Bureau of Economic Research},
  number	= 19386,
  type		= {working paper},
  title		= {On the Welfare Cost of Consumption Fluctuations in the
		  Presence of Memorable Goods},
  year		= 2013
}
