@ARTICLE{ansQuickfix,
  title   = "{Quick-fixing: Near-rationality in consumption and savings
             behavior}",
  author  = "Andre, Peter and Flynn, Joel and Nikolakoudis, Georgios and Sastry,
             Karthik",
  journal = "SSRN Electronic Journal",
  month   =  feb,
  year    =  2025,
  url     = "http://www.nber.org/papers/w33464.pdf",
  file    = "All-Papers/Other/Andre-et-al-Quick-fixing-Near-rationality-in-consumption-and-savings-behavior.pdf",
  doi     = "10.3386/w33464",
  issn    = "1556-5068"
}
