/usr/local/texlive/texmf-local/bibtex/bib/system.bib